<?xml version="1.0" encoding="UTF-8"?><record xmlns="http://www.loc.gov/MARC21/slim" xmlns:cinclude="http://apache.org/cocoon/include/1.0" xmlns:zs="http://www.loc.gov/zing/srw/">
  <leader>00901cz  a2200169n  4500</leader>
  <controlfield tag="001">n  94017822 </controlfield>
  <controlfield tag="003">DLC</controlfield>
  <controlfield tag="005">20130319170645.0</controlfield>
  <controlfield tag="008">940223n| azannaab           |a aaa      </controlfield>
  <datafield tag="010" ind1=" " ind2=" ">
    <subfield code="a">n  94017822 </subfield>
  </datafield>
  <datafield tag="040" ind1=" " ind2=" ">
    <subfield code="a">DLC</subfield>
    <subfield code="b">eng</subfield>
    <subfield code="e">rda</subfield>
    <subfield code="c">DLC</subfield>
    <subfield code="d">DLC</subfield>
  </datafield>
  <datafield tag="046" ind1=" " ind2=" ">
    <subfield code="f">1770~</subfield>
    <subfield code="g">1854</subfield>
    <subfield code="2">edtf</subfield>
  </datafield>
  <datafield tag="100" ind1="1" ind2=" ">
    <subfield code="a">Schwerdt, Leopold Ferdinand,</subfield>
    <subfield code="d">approximately 1770-1854</subfield>
  </datafield>
  <datafield tag="400" ind1="1" ind2=" ">
    <subfield code="w">nnea</subfield>
    <subfield code="a">Schwerdt, Leopold Ferdinand,</subfield>
    <subfield code="d">ca. 1770-1854</subfield>
  </datafield>
  <datafield tag="670" ind1=" " ind2=" ">
    <subfield code="a">His Serenada, simfonija [SR] 198-?:</subfield>
    <subfield code="b">label (Leopold Ferdinand Schwerdt) container (b. around 1770, Weizendorf, Lower Austria; d. Oct. 2, 1854, Ljubljana)</subfield>
  </datafield>
  <datafield tag="670" ind1=" " ind2=" ">
    <subfield code="a">MGG</subfield>
    <subfield code="b">under Jugoslawien, Bd. 7, col. 311 (Leopold Ferdinand Schwerdt, lived and worked in Slovenia from 1807, prolific composer of instrumental music)</subfield>
  </datafield>
  <datafield tag="670" ind1=" " ind2=" ">
    <subfield code="a">Diz. enciclopedico universale della musica e dei musicisti, 1988</subfield>
    <subfield code="b">(Schwerdt, Leopold Ferdinand, b. Weizendorf, Bassa Austria, ca. 1770; d. Lubiana, 2 Oct. 1854)</subfield>
  </datafield>
</record>